@article{reemplazar_2019,
	title = {Reemplazar},
}
